@article{xie2023use,
  title={The use of respiratory effort improves an ECG-based deep learning algorithm to assess sleep-disordered breathing},
  author={Xie, Jiali and Fonseca, Pedro and van Dijk, Johannes P and Long, Xi and Overeem, Sebastiaan},
  journal={Diagnostics},
  volume={13},
  number={13},
  pages={2146},
  year={2023},
  publisher={MDPI}
}